@article{wong2018micronnet,
  title={Micronnet: A highly compact deep convolutional neural network architecture for real-time embedded traffic sign classification},
  author={Wong, Alexander and Shafiee, Mohammad Javad and Jules, Michael St},
  journal={IEEE Access},
  volume={6},
  pages={59803--59810},
  year={2018},
  publisher={IEEE}
}